@book{stocker2014climate,
  title={Climate Change 2013: The Physical Science Basis: Working Group I Contribution to the Fifth Assessment Report of the Intergovernmental Panel on Climate Change},
  author={Stocker, Thomas F and Qin, Dahe and Plattner, Gian-Kasper and others},
  year={2014},
  publisher={Cambridge University Press}
}

@book{grimond2007world,
  title={The world goes to town},
  author={The Economist},
  year={2007}
}

@article{united2015world,
  title={{World Population Prospects: The 2015 Revision, Key Findings and Advance Tables}},
  author={United Nations. Department of Economic and Social Affairs. Population Division},
  year={No. ESA/P/WP.241, 2015},
  publisher={United Nations Department of Economic and Social Affairs New York, NY}
}

@article{obama2017irreversible,
  title={The irreversible momentum of clean energy},
  author={Obama, Barack},
  journal={Science},
  volume={355},
  number={6321},
  pages={126--129},
  year={2017},
  publisher={American Association for the Advancement of Science}
}

@article{oke1973city,
  title={City size and the urban heat island},
  author={Oke, Tim R},
  journal={Atmospheric Environment (1967)},
  volume={7},
  number={8},
  pages={769--779},
  year={1973},
  publisher={Elsevier}
}

@article{arnfield2003two,
  title={Two decades of urban climate research: a review of turbulence, exchanges of energy and water, and the urban heat island},
  author={Arnfield, A John},
  journal={International Journal of Climatology},
  volume={23},
  number={1},
  pages={1--26},
  year={2003},
  publisher={Wiley Online Library}
}

@article{salamanca2010new,
  title={{A new building energy model coupled with an urban canopy parameterization for urban climate simulations--part I. formulation, verification, and sensitivity analysis of the model}},
  author={Salamanca, Francisco and Krpo, Andrea and Martilli, Alberto and Clappier, Alain},
  journal={Theoretical and Applied Climatology},
  volume={99},
  number={3-4},
  pages={331},
  year={2010},
  publisher={Springer}
}

@article{grimmond1999heat,
  title={{Heat Storage in Urban Areas: Local-Scale Observations and Evaluation of a Simple Model}},
  author={Grimmond, CSB and Oke, TR},
  journal={Journal of Applied Meteorology},
  volume={38},
  number={7},
  pages={922--940},
  year={1999}
}

@article{ooka2011thermal,
  title={{Thermal Energy Balance Analysis of the Tokyo Metropolitan Area Using a Mesoscale Meteorological Model Incorporating an Urban Canopy Model}},
  author={Ooka, Ryozo and Sato, Taiki and Harayama, Kazuya and Murakami, Shuzo and Kawamoto, Yoichi},
  journal={Boundary-Layer Meteorology},
  volume={138},
  number={1},
  pages={77--97},
  year={2011},
  publisher={Springer}
}

@article{hicks2010heat,
  title={{On the Heat Islands of Washington, DC, and New York City, NY}},
  author={Hicks, Bruce B and Callahan, William J and Hoekzema, Mark A},
  journal={Boundary-Layer Meteorology},
  volume={135},
  number={2},
  pages={291--300},
  year={2010},
  publisher={Springer}
}

@article{lee2008vegetated,
  title={{A Vegetated Urban Canopy Model for Meteorological and Environmental Modelling}},
  author={Lee, Sang-Hyun and Park, Soon-Ung},
  journal={Boundary-Layer Meteorology},
  volume={126},
  number={1},
  pages={73--102},
  year={2008},
  publisher={Springer}
}

@article{kolokotroni2012london,
  title={London's urban heat island: Impact on current and future energy consumption in office buildings},
  author={Kolokotroni, Maria and Ren, X and Davies, Michael and Mavrogianni, Anna},
  journal={Energy and Buildings},
  volume={47},
  pages={302--311},
  year={2012},
  publisher={Elsevier}
}

@article{martin2015estimation,
  title={{Estimation of urban temperature and humidity using a lumped parameter model coupled with an EnergyPlus model}},
  author={Martin, Miguel and Afshari, Afshin and Armstrong, Peter R and Norford, Leslie K},
  journal={Energy and Buildings},
  volume={96},
  pages={221--235},
  year={2015},
  publisher={Elsevier}
}

@article{crawley2008estimating,
  title={Estimating the impacts of climate change and urbanization on building performance},
  author={Crawley, Drury B},
  journal={Journal of Building Performance Simulation},
  volume={1},
  number={2},
  pages={91--115},
  year={2008},
  publisher={Taylor \& Francis}
}

@inproceedings{gorsevski1998air,
  title={{Air Pollution Prevention Through Urban Heat Island Mitigation: An Update on the Urban Heat Island Pilot Project}},
  author={Gorsevski, Virginia and Taha, Haider and Quattrochi, Dale and Luvall, J},
  booktitle={Proceedings of the ACEEE Summer Study, Asilomar, CA},
  volume={9},
  pages={23--32},
  year={1998}
}

@article{gabriel2011urban,
  title={{Urban and rural mortality rates during heat waves in Berlin and Brandenburg, Germany}},
  author={Gabriel, Katharina MA and Endlicher, Wilfried R},
  journal={Environmental Pollution},
  volume={159},
  number={8},
  pages={2044--2050},
  year={2011},
  publisher={Elsevier}
}

@article{masson2014adapting,
  title={Adapting cities to climate change: A systemic modelling approach},
  author={Masson, Val{\'e}ry and Marchadier, Colette and Adolphe, Luc and Aguejdad, Rahim and Avner, Paolo and Bonhomme, Marc and Bretagne, Genevi{\`e}ve and Briottet, Xavier and Bueno, Bruno and De Munck, C{\'e}cile and others},
  journal={Urban Climate},
  volume={10},
  pages={407--429},
  year={2014},
  publisher={Elsevier}
}

@article{reinhart2016urban,
  title={{Urban building energy modeling -- A review of a nascent field}},
  author={Reinhart, Christoph F and Davila, Carlos Cerezo},
  journal={Building and Environment},
  volume={97},
  pages={196--202},
  year={2016},
  publisher={Elsevier}
}

@article{oxizidis2008computational,
  title={A computational method to assess the impact of urban climate on buildings using modeled climatic data},
  author={Oxizidis, S and Dudek, AV and Papadopoulos, AM},
  journal={Energy and Buildings},
  volume={40},
  number={3},
  pages={215--223},
  year={2008},
  publisher={Elsevier}
}

@article{li2013multi,
  title={A multi-resolution ensemble study of a tropical urban environment and its interactions with the background regional atmosphere},
  author={Li, Xian-Xiang and Koh, Tieh-Yong and Entekhabi, Dara and Roth, Matthias and Panda, Jagabandhu and Norford, Leslie K},
  journal={Journal of Geophysical Research: Atmospheres},
  volume={118},
  number={17},
  pages={9804--9818},
  year={2013},
  publisher={Wiley Online Library}
}

@article{ignatius2015urban,
  title={Urban microclimate analysis with consideration of local ambient temperature, external heat gain, urban ventilation, and outdoor thermal comfort in the tropics},
  author={Ignatius, Marcel and Wong, Nyuk Hien and Jusuf, Steve Kardinal},
  journal={Sustainable Cities and Society},
  volume={19},
  pages={121--135},
  year={2015},
  publisher={Elsevier}
}

@article{roth2007review,
  title={Review of urban climate research in (sub)tropical regions},
  author={Roth, Matthias},
  journal={International Journal of Climatology},
  volume={27},
  number={14},
  pages={1859--1873},
  year={2007},
  publisher={Wiley Online Library}
}

@article{bueno2013urban,
  title={The urban weather generator},
  author={Bueno, Bruno and Norford, Leslie and Hidalgo, Julia and Pigeon, Gr{\'e}goire},
  journal={Journal of Building Performance Simulation},
  volume={6},
  number={4},
  pages={269--281},
  year={2013},
  publisher={Taylor \& Francis}
}

@article{bueno2014computationally,
  title={Computationally efficient prediction of canopy level urban air temperature at the neighbourhood scale},
  author={Bueno, Bruno and Roth, Matthias and Norford, Leslie and Li, Reuben},
  journal={Urban Climate},
  volume={9},
  pages={35--53},
  year={2014},
  publisher={Elsevier}
}

@mastersthesis{nakano2015urban,
  title={Urban weather generator user interface development: Towards a usable tool for integrating urban heat island effect within urban design process},
  author={Nakano, Aiko},
  year={2015},
  school={Massachusetts Institute of Technology}
}

@mastersthesis{yang2016curious,
  title={The curious case of urban heat island: A systems analysis},
  author={Yang, Joseph Hansuk},
  year={2016},
  school={Massachusetts Institute of Technology}
}

@book{saltelli2008global,
  title={Global Sensitivity Analysis: The Primer},
  author={Saltelli, Andrea and Ratto, Marco and Andres, Terry and Campolongo, Francesca and Cariboni, Jessica and Gatelli, Debora and Saisana, Michaela and Tarantola, Stefano},
  year={2008},
  publisher={John Wiley \& Sons}
}

@article{hopfe2011uncertainty,
  title={Uncertainty analysis in building performance simulation for design support},
  author={Hopfe, Christina J and Hensen, Jan LM},
  journal={Energy and Buildings},
  volume={43},
  number={10},
  pages={2798--2805},
  year={2011},
  publisher={Elsevier}
}

@book{rosen1991life,
  title={Life Itself: A Comprehensive Inquiry Into the Nature, Origin, and Fabrication of Life},
  author={Rosen, Robert},
  year={1991},
  publisher={Columbia University Press}
}

@article{tian2013review,
  title={A review of sensitivity analysis methods in building energy analysis},
  author={Tian, Wei},
  journal={Renewable and Sustainable Energy Reviews},
  volume={20},
  pages={411--419},
  year={2013},
  publisher={Elsevier}
}

@book{economist1998fallout,
  title={More fall-out from Chernobyl},
  author={The Economist},
  year={1998}
}

@book{saltelli2004sensitivity,
  title={Sensitivity Analysis in Practice: A Guide to Assessing Scientific Models},
  author={Saltelli, Andrea and Tarantola, Stefano and Campolongo, Francesca and Ratto, Marco},
  year={2004},
  publisher={John Wiley \& Sons}
}

@article{nguyen2014review,
  title={A review on simulation-based optimization methods applied to building performance analysis},
  author={Nguyen, Anh-Tuan and Reiter, Sigrid and Rigo, Philippe},
  journal={Applied Energy},
  volume={113},
  pages={1043--1058},
  year={2014},
  publisher={Elsevier}
}

@article{mao2016towards,
  title={Towards fast energy performance evaluation: A pilot study for office buildings},
  author={Mao, Jiachen and Pan, Yiqun and Fu, Yangyang},
  journal={Energy and Buildings},
  volume={121},
  pages={104--113},
  year={2016},
  publisher={Elsevier}
}

@article{heo2012calibration,
  title={Calibration of building energy models for retrofit analysis under uncertainty},
  author={Heo, Yeonsook and Choudhary, Ruchi and Augenbroe, GA},
  journal={Energy and Buildings},
  volume={47},
  pages={550--560},
  year={2012},
  publisher={Elsevier}
}

@phdthesis{macdonald2002quantifying,
  title={Quantifying the Effects of Uncertainty in Building Simulation},
  author={Macdonald, Iain Alexander},
  year={2002},
  school={University of Strathclyde Glasgow, Scotland}
}

@article{heiselberg2009application,
  title={Application of sensitivity analysis in design of sustainable buildings},
  author={Heiselberg, Per and Brohus, Henrik and Hesselholt, Allan and Rasmussen, Henrik and Seinre, Erkki and Thomas, Sara},
  journal={Renewable Energy},
  volume={34},
  number={9},
  pages={2030--2036},
  year={2009},
  publisher={Elsevier}
}

@article{de2009identification,
  title={Identification of key factors for uncertainty in the prediction of the thermal performance of an office building under climate change},
  author={de Wilde, Pieter and Tian, Wei},
  journal={Building Simulation},
  volume={2},
  number={3},
  pages={157--174},
  year={2009},
  publisher={Springer}
}

@article{eisenhower2012uncertainty,
  title={Uncertainty and sensitivity decomposition of building energy models},
  author={Eisenhower, Bryan and O'Neill, Zheng and Fonoberov, Vladimir A and Mezi{\'c}, Igor},
  journal={Journal of Building Performance Simulation},
  volume={5},
  number={3},
  pages={171--184},
  year={2012},
  publisher={Taylor \& Francis}
}

@article{nguyen2015performance,
  title={A performance comparison of sensitivity analysis methods for building energy models},
  author={Nguyen, Anh Tuan and Reiter, Sigrid},
  journal={Building Simulation},
  volume={8},
  number={6},
  pages={651--664},
  year={2015},
  publisher={Springer}
}

@article{menberg2016sensitivity,
  title={Sensitivity analysis methods for building energy models: Comparing computational costs and extractable information},
  author={Menberg, Kathrin and Heo, Yeonsook and Choudhary, Ruchi},
  journal={Energy and Buildings},
  volume={133},
  pages={433--445},
  year={2016},
  publisher={Elsevier}
}

@article{hamdi2008inclusion,
  title={{Inclusion of a Drag Approach in the Town Energy Balance (TEB) Scheme: Offline 1D Evaluation in a Street Canyon}},
  author={Hamdi, R and Masson, V},
  journal={Journal of Applied Meteorology and Climatology},
  volume={47},
  number={10},
  pages={2627--2644},
  year={2008}
}

@article{evins2013review,
  title={A review of computational optimisation methods applied to sustainable building design},
  author={Evins, Ralph},
  journal={Renewable and Sustainable Energy Reviews},
  volume={22},
  pages={230--245},
  year={2013},
  publisher={Elsevier}
}

@article{machairas2014algorithms,
  title={Algorithms for optimization of building design: A review},
  author={Machairas, Vasileios and Tsangrassoulis, Aris and Axarli, Kleo},
  journal={Renewable and Sustainable Energy Reviews},
  volume={31},
  pages={101--112},
  year={2014},
  publisher={Elsevier}
}

@article{reddy2006literature,
  title={{Literature Review on Calibration of Building Energy Simulation Programs: Uses, Problems, Procedures, Uncertainty, and Tools}},
  author={Reddy, T Agami},
  journal={ASHRAE Transactions},
  volume={112},
  number={1},
  pages={226--240},
  year={2006}
}

@article{coakley2014review,
  title={A review of methods to match building energy simulation models to measured data},
  author={Coakley, Daniel and Raftery, Paul and Keane, Marcus},
  journal={Renewable and Sustainable Energy Reviews},
  volume={37},
  pages={123--141},
  year={2014},
  publisher={Elsevier}
}

@article{fabrizio2015methodologies,
  title={{Methodologies and Advancements in the Calibration of Building Energy Models}},
  author={Fabrizio, Enrico and Monetti, Valentina},
  journal={Energies},
  volume={8},
  number={4},
  pages={2548--2574},
  year={2015},
  publisher={Multidisciplinary Digital Publishing Institute}
}

@phdthesis{wright1986optimised,
  title={The Optimised Design of HVAC Systems},
  author={Wright, Jonathan A},
  year={1986},
  school={Loughborough University of Technology}
}

@article{wetter2009generic,
  title={{Generic Optimization Program User Manual Version 3.0.0}},
  author={Wetter, Michael},
  journal={Lawrence Berkeley National Laboratory},
  year={2009}
}

@article{wetter2004convergent,
  title={A convergent optimization method using pattern search algorithms with adaptive precision simulation},
  author={Wetter, Michael and Polak, Elijah},
  journal={Building Services Engineering Research and Technology},
  volume={25},
  number={4},
  pages={327--338},
  year={2004},
  publisher={Sage Publications Sage CA: Thousand Oaks, CA}
}

@article{robertson2015reduced,
  title={Reduced-order modeling and simulated annealing optimization for efficient residential building utility bill calibration},
  author={Robertson, Joseph J and Polly, Ben J and Collis, Jon M},
  journal={Applied Energy},
  volume={148},
  pages={169--177},
  year={2015},
  publisher={Elsevier}
}

@article{yang2016automated,
  title={An automated optimization method for calibrating building energy simulation models with measured data: Orientation and a case study},
  author={Yang, Tao and Pan, Yiqun and Mao, Jiachen and Wang, Yonglong and Huang, Zhizhong},
  journal={Applied Energy},
  volume={179},
  pages={1220--1231},
  year={2016},
  publisher={Elsevier}
}

@article{ruiz2016genetic,
  title={Genetic algorithm for building envelope calibration},
  author={Ruiz, Germ{\'a}n Ramos and Bandera, Carlos Fern{\'a}ndez and Temes, Tom{\'a}s G{\'o}mez-Acebo and Gutierrez, Ana S{\'a}nchez-Ostiz},
  journal={Applied Energy},
  volume={168},
  pages={691--705},
  year={2016},
  publisher={Elsevier}
}

@article{ruiz2017analysis,
  title={Analysis of uncertainty indices used for building envelope calibration},
  author={Ruiz, Germ{\'a}n Ramos and Bandera, Carlos Fern{\'a}ndez},
  journal={Applied Energy},
  volume={185},
  pages={82--94},
  year={2017},
  publisher={Elsevier}
}

@article{mao2017global,
  title={Global sensitivity analysis of an urban microclimate system under uncertainty: Design and case study},
  author={Mao, Jiachen and Yang, Joseph H and Afshari, Afshin and Norford, Leslie K},
  journal={Building and Environment},
  volume={124},
  pages={153--170},
  year={2017},
  publisher={Elsevier}
}

@article{mao2018optimization,
  title={Optimization-aided calibration of an urban microclimate model under uncertainty},
  author={Mao, Jiachen and Fu, Yangyang and Afshari, Afshin and Armstrong, Peter R and Norford, Leslie K},
  journal={Building and Environment},
  volume={143},
  pages={390--403},
  year={2018},
  publisher={Elsevier}
}

@article{bueno2013calculation,
  title={{Calculation of Air Temperatures above the Urban Canopy Layer from Measurements at a Rural Operational Weather Station}},
  author={Bueno, Bruno and Hidalgo, Julia and Pigeon, Gr{\'e}goire and Norford, Leslie and Masson, Valery},
  journal={Journal of Applied Meteorology and Climatology},
  volume={52},
  number={2},
  pages={472--483},
  year={2013}
}

@inproceedings{robinson2009citysim,
  title={{CitySim}: Comprehensive micro-simulation of resource flows for sustainable urban planning},
  author={Robinson, Darren and Haldi, Fr{\'e}d{\'e}ric and K{\"a}mpf, J and Leroux, Philippe and Perez, Diane and Rasheed, Adil and Wilke, Urs},
  booktitle={Proceedings of the 11th International IBPSA Conference, Glasgow, Scotland, July 27-30, 2009},
  pages={1083--1090}
}

@online{mackey2015dragonfly,
  title={Dragonfly for {Grasshopper}: A plugin for large-scale climate and urban heat island modeling},
  author={Christopher Mackey and others},
  howpublished={\url{https://github.com/chriswmackey/Dragonfly}}
}

@article{masson2000physically,
  title={{A Physically-Based Scheme for the Urban Energy Budget in Atmospheric Models}},
  author={Masson, Val{\'e}ry},
  journal={Boundary-Layer Meteorology},
  volume={94},
  number={3},
  pages={357--397},
  year={2000},
  publisher={Springer}
}

@article{fenn1985optical,
  title={Optical and infrared properties of the atmosphere},
  author={Fenn, RW and Clough, SA and Gallery, WO and Good, RE and Kneizys, FX and Mill, JD and Rothman, LS and Shettle, EP and Volz, FE},
  journal={Handbook of Geophysics and the Space Environment},
  volume={18},
  year={1985},
  publisher={US Air Force Geophysics Laboratory, Hanscom Air Force Base, Bedford, Mass}
}

@article{hidalgo2010scaling,
  title={{Scaling the Daytime Urban Heat Island and Urban-Breeze Circulation}},
  author={Hidalgo, Julia and Masson, Val{\'e}ry and Gimeno, Luis},
  journal={Journal of Applied Meteorology and Climatology},
  volume={49},
  number={5},
  pages={889--901},
  year={2010}
}

@book{handbook2009american,
  author={ASHRAE Handbook {--} Fundamentals},
  publisher={American Society of Heating, Refrigerating and Air-conditioning Engineers, Inc.: Atlanta, GA, USA},
  year={2009}
}

@article{deru2011us,
  title={{US} {Department} of {Energy} commercial reference building models of the national building stock},
  author={Deru, Michael and Field, Kristin and Studer, Daniel and Benne, Kyle and Griffith, Brent and Torcellini, Paul and Liu, Bing and Halverson, Mark and Winiarski, Dave and Rosenberg, Michael and others},
  year={2011},
  publisher={National Renewable Energy Laboratory}
}

@article{radhi2009evaluating,
  title={Evaluating the potential impact of global warming on the {UAE} residential buildings -- {A} contribution to reduce the {CO$_2$} emissions},
  author={Radhi, Hassan},
  journal={Building and Environment},
  volume={44},
  number={12},
  pages={2451--2462},
  year={2009},
  publisher={Elsevier}
}

@article{afshari2014life,
  title={{Life-cycle Analysis of Building Retrofits at the Urban Scale -- A Case Study in United Arab Emirates}},
  author={Afshari, Afshin and Nikolopoulou, Christina and Martin, Miguel},
  journal={Sustainability},
  volume={6},
  number={1},
  pages={453--473},
  year={2014},
  publisher={Multidisciplinary Digital Publishing Institute}
}

@book{oke2002boundary,
  title={Boundary Layer Climates},
  author={Oke, Timothy R},
  year={2002},
  publisher={Routledge}
}

@article{sailor2011review,
  title={A review of methods for estimating anthropogenic heat and moisture emissions in the urban environment},
  author={Sailor, David J},
  journal={International Journal of Climatology},
  volume={31},
  number={2},
  pages={189--199},
  year={2011},
  publisher={Wiley Online Library}
}

@article{afshari2017estimation,
  title={Estimation of the traffic related anthropogenic heat release using {BTEX} measurements{ -- A case study in Abu Dhabi}},
  author={Afshari, Afshin and Schuch, Fernanda and Marpu, Prashanth},
  journal={Urban Climate},
  volume={24},
  pages={311--325},
  year={2018},
  publisher={Elsevier}
}

@article{quah2012diurnal,
  title={Diurnal and weekly variation of anthropogenic heat emissions in a tropical city, {Singapore}},
  author={Quah, Anne KL and Roth, Matthias},
  journal={Atmospheric Environment},
  volume={46},
  pages={92--103},
  year={2012},
  publisher={Elsevier}
}

@article{saltelli2002sensitivity,
  title={{Sensitivity Analysis for Importance Assessment}},
  author={Saltelli, Andrea},
  journal={Risk Analysis},
  volume={22},
  number={3},
  pages={579--590},
  year={2002},
  publisher={Wiley Online Library}
}

@article{oliva2003model,
  title={Model calibration as a testing strategy for system dynamics models},
  author={Oliva, Rogelio},
  journal={European Journal of Operational Research},
  volume={151},
  number={3},
  pages={552--568},
  year={2003},
  publisher={Elsevier}
}

@article{sun2006calibration,
  title={{Calibration of Building Energy Simulation Programs Using the Analytic Optimization Approach (RP-1051)}},
  author={Sun, Jian and Reddy, T Agami},
  journal={HVAC\&R Research},
  volume={12},
  number={1},
  pages={177--196},
  year={2006},
  publisher={Taylor \& Francis}
}

@article{reddy2007calibrating,
  title={{Calibrating Detailed Building Energy Simulation Programs with Measured Data -- Part I: General Methodology (RP-1051)}},
  author={Reddy, T Agami and Maor, Itzhak and Panjapornpon, Chanin},
  journal={HVAC\&R Research},
  volume={13},
  number={2},
  pages={221--241},
  year={2007},
  publisher={Taylor \& Francis}
}

@article{stewart2012local,
  title={{Local Climate Zones for Urban Temperature Studies}},
  author={Stewart, Ian D and Oke, Tim R},
  journal={Bulletin of the American Meteorological Society},
  volume={93},
  number={12},
  pages={1879--1900},
  year={2012},
  publisher={American Meteorological Society}
}

@article{helton1996guest,
  title={Guest editorial: {Treatment} of aleatory and epistemic uncertainty in performance assessments for complex systems},
  author={Helton, Jon C and Burmaster, David E},
  journal={Reliability Engineering \& System Safety},
  volume={54},
  number={2-3},
  pages={91--94},
  year={1996},
  publisher={Elsevier}
}

@article{helton2006survey,
  title={Survey of sampling-based methods for uncertainty and sensitivity analysis},
  author={Helton, Jon C and Johnson, Jay Dean and Sallaberry, Cedric J and Storlie, Curt B},
  journal={Reliability Engineering \& System Safety},
  volume={91},
  number={10},
  pages={1175--1209},
  year={2006},
  publisher={Elsevier}
}

@article{storlie2009implementation,
  title={Implementation and evaluation of nonparametric regression procedures for sensitivity analysis of computationally demanding models},
  author={Storlie, Curtis B and Swiler, Laura P and Helton, Jon C and Sallaberry, Cedric J},
  journal={Reliability Engineering \& System Safety},
  volume={94},
  number={11},
  pages={1735--1763},
  year={2009},
  publisher={Elsevier}
}

@online{simlab2,
  title={Simulation environment for uncertainty and sensitivity analysis. {Joint Research Centre of the European Commission.}},
  author={SimLab V2.2},
  howpublished={\url{https://ec.europa.eu/jrc/en/samo/simlab}},
}

@online{pujolglobal,
  title={Global sensitivity analysis of model outputs},
  author={{Pujol G, Iooss B, Janon A, et al}},
  howpublished={\url{https://cran.r-project.org/web/packages/sensitivity/sensitivity.pdf}},
}

@book{guideline2002guideline,
  author={{ASHRAE Guideline 14-2002, Measurement of Energy and Demand Savings}},
  publisher={American Society of Heating, Refrigerating and Air-conditioning Engineers, Inc.: Atlanta, GA, USA},
  year={2002}
}

@article{dunham1963design,
  title={{Design by Natural Selection}},
  author={Dunham, B and Fridshal, D and Fridshal, R and North, JH},
  journal={Synthese},
  volume={15},
  number={1},
  pages={254--259},
  year={1963},
  publisher={Springer}
}

@article{jin2005comprehensive,
  title={A comprehensive survey of fitness approximation in evolutionary computation},
  author={Jin, Yaochu},
  journal={Soft Computing},
  volume={9},
  number={1},
  pages={3--12},
  year={2005},
  publisher={Springer}
}

@book{tenne2010computational,
  title={Computational Intelligence in Expensive Optimization Problems},
  author={Tenne, Yoel and Goh, Chi-Keong},
  year={2010},
  publisher={Springer Science \& Business Media}
}

@article{o2013leveraging,
  title={Leveraging the analysis of parametric uncertainty for building energy model calibration},
  author={O’Neill, Zheng and Eisenhower, Bryan},
  journal={Building Simulation},
  volume={6},
  number={4},
  pages={365--377},
  year={2013},
  organization={Springer Berlin Heidelberg}
}

@article{manfren2013calibration,
  title={Calibration and uncertainty analysis for computer models {-- A} meta-model based approach for integrated building energy simulation},
  author={Manfren, Massimiliano and Aste, Niccol{\`o} and Moshksar, Reza},
  journal={Applied Energy},
  volume={103},
  pages={627--641},
  year={2013},
  publisher={Elsevier}
}

@article{brownlee2015constrained,
  title={Constrained, mixed-integer and multi-objective optimisation of building designs by {NSGA-II} with fitness approximation},
  author={Brownlee, Alexander EI and Wright, Jonathan A},
  journal={Applied Soft Computing},
  volume={33},
  pages={114--126},
  year={2015},
  publisher={Elsevier}
}

@article{xu2016improving,
  title={Improving evolutionary algorithm performance for integer type multi-objective building system design optimization},
  author={Xu, Weili and Chong, Adrian and Karaguzel, Omer T and Lam, Khee Poh},
  journal={Energy and Buildings},
  volume={127},
  pages={714--729},
  year={2016},
  publisher={Elsevier}
}

@inproceedings{hansen1996adapting,
  title={Adapting arbitrary normal mutation distributions in evolution strategies: The covariance matrix adaptation},
  author={Hansen, Nikolaus and Ostermeier, Andreas},
  booktitle={Proceedings of IEEE International Conference on Evolutionary Computation, 1996},
  pages={312--317}
}

@article{cortes1995support,
  title={Support-vector networks},
  author={Cortes, Corinna and Vapnik, Vladimir},
  journal={Machine Learning},
  volume={20},
  number={3},
  pages={273--297},
  year={1995},
  publisher={Springer}
}

@article{chang2011libsvm,
  title={{LIBSVM: A library for support vector machines}},
  author={Chang, Chih-Chung and Lin, Chih-Jen},
  journal={ACM Transactions on Intelligent Systems and Technology (TIST)},
  volume={2},
  number={3},
  pages={27},
  year={2011},
  publisher={ACM}
}

@article{jin2011surrogate,
  title={Surrogate-assisted evolutionary computation: Recent advances and future challenges},
  author={Jin, Yaochu},
  journal={Swarm and Evolutionary Computation},
  volume={1},
  number={2},
  pages={61--70},
  year={2011},
  publisher={Elsevier}
}

@article{alajmi2014selecting,
  title={Selecting the most efficient genetic algorithm sets in solving unconstrained building optimization problem},
  author={Alajmi, Ali and Wright, Jonathan},
  journal={International Journal of Sustainable Built Environment},
  volume={3},
  number={1},
  pages={18--26},
  year={2014},
  publisher={Elsevier}
}

@article{deep2009real,
  title={A real coded genetic algorithm for solving integer and mixed integer optimization problems},
  author={Deep, Kusum and Singh, Krishna Pratap and Kansal, Mitthan Lal and Mohan, C},
  journal={Applied Mathematics and Computation},
  volume={212},
  number={2},
  pages={505--518},
  year={2009},
  publisher={Elsevier}
}

@article{spitz2012practical,
  title={Practical application of uncertainty analysis and sensitivity analysis on an experimental house},
  author={Spitz, Clara and Mora, Laurent and Wurtz, Etienne and Jay, Arnaud},
  journal={Energy and Buildings},
  volume={55},
  pages={459--470},
  year={2012},
  publisher={Elsevier}
}

@article{cornaro2015thermal,
  title={Thermal performance analysis of an emergency shelter using dynamic building simulation},
  author={Cornaro, Cristina and Sapori, Dalila and Bucci, Francesco and Pierro, Marco and Giammanco, Corrado},
  journal={Energy and Buildings},
  volume={88},
  pages={122--134},
  year={2015},
  publisher={Elsevier}
}

@article{hidalgo2008urban,
  title={Urban-breeze circulation during the {CAPITOUL} experiment: numerical simulations},
  author={Hidalgo, J and Masson, V and Pigeon, G},
  journal={Meteorology and Atmospheric Physics},
  volume={102},
  number={3-4},
  pages={243},
  year={2008},
  publisher={Springer}
}

@book{hanna2010wind,
  title={Wind Flow and Vapor Cloud Dispersion at Industrial and Urban Sites},
  author={Hanna, Steven R and Britter, Rex E},
  year={2010},
  publisher={John Wiley \& Sons}
}

@inproceedings{zhang2009parallel,
  title={{``Parallel'' EnergyPlus} and the development of a parametric analysis tool},
  author={Zhang, Yi},
  booktitle={Proceedings of the 11th Conference of International Building Performance Association (IBPSA), Glasgow, UK, July},
  pages={27--30},
  year={2009}
}

@article{eisenhower2012methodology,
  title={A methodology for meta-model based optimization in building energy models},
  author={Eisenhower, Bryan and O’Neill, Zheng and Narayanan, Satish and Fonoberov, Vladimir A and Mezi{\'c}, Igor},
  journal={Energy and Buildings},
  volume={47},
  pages={292--301},
  year={2012},
  publisher={Elsevier}
}

@article{boithias2012genetic,
  title={Genetic algorithms based optimization of artificial neural network architecture for buildings’ indoor discomfort and energy consumption prediction},
  author={Boithias, Florent and El Mankibi, Mohamed and Michel, Pierre},
  journal={Building Simulation},
  volume={5},
  number={2},
  pages={95--106},
  year={2012},
  publisher={Springer}
}

@article{vcongradac2012recognition,
  title={Recognition of the importance of using artificial neural networks and genetic algorithms to optimize chiller operation},
  author={{\v{C}}ongradac, Velimir and Kuli{\'c}, Filip},
  journal={Energy and Buildings},
  volume={47},
  pages={651--658},
  year={2012},
  publisher={Elsevier}
}

@article{santos2018evaluating,
  title={Evaluating approaches for district-wide energy model calibration considering the {Urban Heat Island} effect},
  author={Santos, Luis Guilherme Resende and Afshari, Afshin and Norford, Leslie K and Mao, Jiachen},
  journal={Applied Energy},
  volume={215},
  pages={31--40},
  year={2018},
  publisher={Elsevier}
}

@article{sun2016pattern,
  title={A pattern-based automated approach to building energy model calibration},
  author={Sun, Kaiyu and Hong, Tianzhen and Taylor-Lange, Sarah C and Piette, Mary Ann},
  journal={Applied Energy},
  volume={165},
  pages={214--224},
  year={2016},
  publisher={Elsevier}
}

@article{kaplan1990reconciliation,
  title={{Reconciliation of a DOE2.1C Model with Monitored End-Use Data for a Small Office Building}},
  author={Kaplan, MB and McFerran, Jansen and Jansen, J and Pratt, R},
  journal={ASHRAE Transactions},
  volume={96},
  number={1},
  pages={981--993},
  year={1990}
}

@article{hong2017ten,
  title={Ten questions concerning occupant behavior in buildings: The big picture},
  author={Hong, Tianzhen and Yan, Da and D'Oca, Simona and Chen, Chien-fei},
  journal={Building and Environment},
  volume={114},
  pages={518--530},
  year={2017},
  publisher={Elsevier}
}